
%% Created for Georgios Gousios at 2012-01-16 11:15:51 +0200 


%% Saved with string encoding Unicode (UTF-8) 



@article{Piro06,
	Acmid = {1138227},
	Address = {Chichester, UK},
	Author = {Piro, Rosario M. and Guarise, Andrea and Werbrouck, Albert},
	Date-Added = {2012-01-15 20:55:46 +0000},
	Date-Modified = {2012-01-15 20:55:52 +0000},
	Issn = {1532-0626},
	Issue = {8},
	Journal = {Concurr. Comput. : Pract. Exper.},
	Keywords = {Grid computing, economic brokering, load balancing, resource pricing},
	Month = {July},
	Numpages = {14},
	Pages = {837--850},
	Publisher = {John Wiley and Sons Ltd.},
	Title = {Price-sensitive resource brokering with the Hybrid Pricing Model and widely overlapping price domains: Research Articles},
	Volume = {18},
	Year = {2006}}

@inproceedings{Elmro09,
	Address = {Lanzhou, Gansu},
	Author = {Elmroth, E. and Marquez, F.G. and Henriksson, D. and Ferrera, D.P.},
	Booktitle = {Eighth International Conference on Grid and Cooperative Computing, 2009},
	Date-Added = {2012-01-15 20:15:10 +0000},
	Date-Modified = {2012-01-15 20:18:30 +0000},
	Month = {Aug},
	Organization = {IEEE},
	Pages = {268--275},
	Title = {Accounting and billing for federated cloud infrastructures},
	Year = {2009}}

@misc{Amaz12,
	Date-Added = {2012-01-15 20:00:33 +0000},
	Date-Modified = {2012-01-16 09:15:51 +0000},
	Howpublished = {Online},
	Lastchecked = {Jan 2012},
	Month = {Jan},
	Title = {Amazon web services pricing},
	Url = {http://aws.amazon.com/ec2/#pricing},
	Year = {2012}}

@misc{Azure12,
	Date-Added = {2012-01-15 19:58:19 +0000},
	Date-Modified = {2012-01-15 20:01:44 +0000},
	Howpublished = {Online},
	Month = {Jan},
	Title = {Windows {A}zure cost calculator},
	Url = {http://www.windowsazure.com/en-us/pricing/calculator/},
	Urldate = {Jan 2012},
	Year = {2012}}

@inproceedings{Youse08,
	Address = {Austin, TX },
	Author = {Youseff, L. and Butrico, M. and Da Silva, D.},
	Booktitle = {Grid Computing Environments Workshop, 2008},
	Date-Added = {2012-01-15 19:44:29 +0000},
	Date-Modified = {2012-01-15 19:45:29 +0000},
	Month = {Nov},
	Organization = {IEEE},
	Pages = {1--10},
	Title = {Toward a unified ontology of cloud computing},
	Year = {2008}}

@article{Rochw09,
	Author = {Rochwerger, B. and Breitgand, D. and Levy, E. and Galis, A. and Nagin, K. and Llorente, I.M. and Montero, R. and Wolfsthal, Y. and Elmroth, E. and Caceres, J. and others},
	Date-Added = {2012-01-15 19:36:16 +0000},
	Date-Modified = {2012-01-15 21:03:29 +0000},
	Journal = {IBM Journal of Research and Development},
	Number = {4},
	Pages = {4--1},
	Publisher = {IBM},
	Title = {The {R}eservoir model and architecture for open federated cloud computing},
	Volume = {53},
	Year = {2009}}

@article{Lourid10,
	Address = {Los Alamitos, CA, USA},
	Author = {Panos Louridas},
	Date-Added = {2012-01-15 19:18:30 +0000},
	Date-Modified = {2012-01-15 19:19:02 +0000},
	Issn = {0740-7459},
	Journal = {IEEE Software},
	Pages = {6-11},
	Publisher = {IEEE Computer Society},
	Title = {Up in the Air: Moving Your Applications to the Cloud},
	Volume = {27},
	Year = {2010}}

@article{Leavi09,
	Author = {Leavitt, N.},
	Date-Added = {2012-01-15 17:29:07 +0000},
	Date-Modified = {2012-01-15 17:29:17 +0000},
	Journal = {Computer},
	Number = {1},
	Pages = {15--20},
	Publisher = {IEEE},
	Title = {Is cloud computing really ready for prime time?},
	Volume = {42},
	Year = {2009}}

@article{Armbr10,
	Acmid = {1721672},
	Address = {New York, NY, USA},
	Author = {Armbrust, Michael and Fox, Armando and Griffith, Rean and Joseph, Anthony D. and Katz, Randy and Konwinski, Andy and Lee, Gunho and Patterson, David and Rabkin, Ariel and Stoica, Ion and Zaharia, Matei},
	Date-Added = {2012-01-15 17:25:26 +0000},
	Date-Modified = {2012-01-15 17:25:37 +0000},
	Issn = {0001-0782},
	Issue = {4},
	Issue_Date = {April 2010},
	Journal = {Commun. ACM},
	Month = apr,
	Numpages = {9},
	Pages = {50--58},
	Publisher = {ACM},
	Title = {A view of cloud computing},
	Volume = {53},
	Year = {2010}}

@inproceedings{Ruiz-Agundez11,
 author = {Ruiz-Agundez, Igor and Penya, Yoseba K. and Bringas, Pablo G.},
 title = {A Flexible Accounting Model for Cloud Computing},
 booktitle = {Proceedings of the 2011 Annual SRII Global Conference},
 series = {SRII '11},
 year = {2011},
 isbn = {978-0-7695-4371-0},
 pages = {277--284},
 numpages = {8},
 url = {http://dx.doi.org/10.1109/SRII.2011.38},
 doi = {http://dx.doi.org/10.1109/SRII.2011.38},
 acmid = {2015715},
 publisher = {IEEE Computer Society},
 address = {Washington, DC, USA},
 keywords = {cloud computing, accouting, intelligent service, business models},
}

@misc{Fowle05,
	Howpublished = {Online},
	Month = {Dec},
	Title = {Event Sourcing},
	Author = {Martin Fowler},
	Url = {http://martinfowler.com/eaaDev/EventSourcing.html},
	Urldate = {Jan 2012},
	Year = {2005}}

@inproceedings{Hewit73,
  title={A universal modular actor formalism for artificial intelligence},
  author={Hewitt, C. and Bishop, P. and Steiger, R.},
  booktitle={Proceedings of the 3rd International joint conference on Artificial intelligence},
  pages={235--245},
  year={1973},
  organization={Morgan Kaufmann Publishers Inc.}
}
