
%% Created for Georgios Gousios at 2012-01-15 21:19:02 +0200 


%% Saved with string encoding Unicode (UTF-8) 



@article{Lourid10,
	Address = {Los Alamitos, CA, USA},
	Author = {Panos Louridas},
	Date-Added = {2012-01-15 19:18:30 +0000},
	Date-Modified = {2012-01-15 19:19:02 +0000},
	Issn = {0740-7459},
	Journal = {IEEE Software},
	Pages = {6-11},
	Publisher = {IEEE Computer Society},
	Title = {Up in the Air: Moving Your Applications to the Cloud},
	Volume = {27},
	Year = {2010}}

@article{Leavi09,
	Author = {Leavitt, N.},
	Date-Added = {2012-01-15 17:29:07 +0000},
	Date-Modified = {2012-01-15 17:29:17 +0000},
	Journal = {Computer},
	Number = {1},
	Pages = {15--20},
	Publisher = {IEEE},
	Title = {Is cloud computing really ready for prime time?},
	Volume = {42},
	Year = {2009}}

@article{Armbr10,
	Acmid = {1721672},
	Address = {New York, NY, USA},
	Author = {Armbrust, Michael and Fox, Armando and Griffith, Rean and Joseph, Anthony D. and Katz, Randy and Konwinski, Andy and Lee, Gunho and Patterson, David and Rabkin, Ariel and Stoica, Ion and Zaharia, Matei},
	Date-Added = {2012-01-15 17:25:26 +0000},
	Date-Modified = {2012-01-15 17:25:37 +0000},
	Issn = {0001-0782},
	Issue = {4},
	Issue_Date = {April 2010},
	Journal = {Commun. ACM},
	Month = apr,
	Numpages = {9},
	Pages = {50--58},
	Publisher = {ACM},
	Title = {A view of cloud computing},
	Volume = {53},
	Year = {2010}}
